<record><leader>00000cas a22000007a 4500</leader><controlfield tag="001">17592830</controlfield><controlfield tag="008">880307d18641865pauwr ne      0    0eng d</controlfield><datafield ind1=" " ind2=" " tag="010"><subfield code="a">sn 88086099 </subfield></datafield><datafield ind1=" " ind2=" " tag="040"><subfield code="a">NPV</subfield><subfield code="b">eng</subfield><subfield code="c">NPV</subfield><subfield code="d">OCL</subfield><subfield code="d">NPH</subfield><subfield code="d">OCLCQ</subfield></datafield><datafield ind1=" " ind2=" " tag="042"><subfield code="a">msc</subfield></datafield><datafield ind1="0" ind2="4" tag="245"><subfield code="a">The Whig and dispatch.</subfield></datafield><datafield ind1="1" ind2="3" tag="246"><subfield code="a">Whig &amp; dispatch</subfield></datafield><datafield ind1=" " ind2=" " tag="260"><subfield code="a">Mercer, Pa. :</subfield><subfield code="b">Miller &amp; Irwin</subfield></datafield><datafield ind1=" " ind2=" " tag="300"><subfield code="a">v.</subfield></datafield><datafield ind1=" " ind2=" " tag="310"><subfield code="a">Weekly</subfield></datafield><datafield ind1="1" ind2=" " tag="362"><subfield code="a">Began in 1864; ceased in 1865?</subfield></datafield><datafield ind1=" " ind2=" " tag="588"><subfield code="a">Description based on: Vol. 1, no. 29 (Dec. 2, 1864).</subfield></datafield><datafield ind1=" " ind2=" " tag="752"><subfield code="a">United States</subfield><subfield code="b">Pennsylvania</subfield><subfield code="c">Mercer</subfield><subfield code="d">Mercer.</subfield></datafield><datafield ind1="0" ind2="4" tag="780"><subfield code="t">Mercer County Whig</subfield><subfield code="w">(DLC)sn 85038431</subfield></datafield><datafield ind1="0" ind2="4" tag="780"><subfield code="t">Mercer County dispatch</subfield><subfield code="w">(DLC)sn 86053628</subfield></datafield><datafield ind1="0" ind2="0" tag="785"><subfield code="t">Mercer dispatch (Mercer, Pa. : 1865)</subfield><subfield code="w">(DLC)sn 84026046</subfield></datafield></record>